@book{hastie2013elements,
  title={The Elements of Statistical Learning: Data Mining, Inference, and Prediction},
  author={Hastie, T. and Tibshirani, R. and Friedman, J.},
  isbn={9780387216065},
  lccn={2001031433},
  series={Springer Series in Statistics},
  url={https://books.google.co.uk/books?id=yPfZBwAAQBAJ},
  year={2013},
  publisher={Springer New York}
}

@book{gelman2013bayesian,
  title={Bayesian Data Analysis, Third Edition},
  author={Gelman, A. and Carlin, J.B. and Stern, H.S. and Dunson, D.B. and Vehtari, A. and Rubin, D.B.},
  isbn={9781439840955},
  lccn={2013039507},
  series={Chapman \& Hall/CRC Texts in Statistical Science},
  url={https://books.google.co.uk/books?id=ZXL6AQAAQBAJ},
  year={2013},
  publisher={Taylor \& Francis}
}

@book{faraway2004linear,
  title={Linear Models with R},
  author={Faraway, J.J.},
  isbn={9780203507278},
  series={Chapman \& Hall/CRC Texts in Statistical Science},
  url={https://books.google.co.uk/books?id=fvenzpofkagC},
  year={2004},
  publisher={Taylor \& Francis}
}

@book{blitzstein2014introduction,
  title={Introduction to Probability},
  author={Blitzstein, J.K. and Hwang, J.},
  isbn={9781466575578},
  lccn={2014022709},
  series={Chapman \& Hall/CRC Texts in Statistical Science},
  url={https://books.google.co.uk/books?id=WGQLBAAAQBAJ},
  year={2014},
  publisher={Taylor \& Francis}
}

@book{jaynes2003probability,
  title={Probability Theory: The Logic of Science},
  author={Jaynes, E.T. and Bretthorst, G.L.},
  isbn={9780521592710},
  lccn={2002071486},
  url={https://books.google.co.uk/books?id=tTN4HuUNXjgC},
  year={2003},
  publisher={Cambridge University Press}
}

  @Book{wickham2009ggplot2,
    author = {Hadley Wickham},
    title = {ggplot2: Elegant Graphics for Data Analysis},
    publisher = {Springer-Verlag New York},
    year = {2009},
    isbn = {978-0-387-98140-6},
    url = {http://ggplot2.org},
  }
  
  @book{montgomery2000design,
  title={Design and Analysis of Experiments},
  author={Montgomery, D.C.},
  isbn={9780471316497},
  lccn={99057472},
  url={https://books.google.co.uk/books?id=VZGtQgAACAAJ},
  year={2000},
  publisher={Wiley}
}

@book{kruschke2015doing,
  title={Doing Bayesian Data Analysis: A Tutorial with R, JAGS, and Stan},
  author={Kruschke, J.K.},
  isbn={9780124058880},
  lccn={2014011293},
  series={Academic Press},
  url={https://books.google.co.uk/books?id=CsOtoAEACAAJ},
  year={2015},
  publisher={Academic Press}
}

@article{iso2014statistical,
title={ISO 16269-6:2014 Statistical Interpretation of Data - Part 6: Determination of Statistical Tolerance Intervals},
author={ISO Technical Committee 69: Applications of Statistical Methods},
year={2014},
publisher={International Organization for Standardization}
}

@misc{designweek,
	author={DesignWeek},
	title={Design Week Top 100},
	year = {2017 (accessed 13-06-2017)},
	note={https://www.designweek.co.uk/top-100/}
}
@manual{designweek,
      title  = "Design Week Top 100",
      author = "DesignWeek",
      url    = "https://www.designweek.co.uk/top-100/",
      year   = "2017 (accessed June 16th, 2017)"
    }

@article{borland2007rainbow,
author={Borland, D., and Taylor, R.M}, 
journal={IEEE Computer Graphics and Applications}, 
title={Rainbow Color Map (Still) Considered Harmful}, 
year={2007}, 
volume={27}, 
number={2}, 
pages={14-17}, 
keywords={colour graphics;data visualisation;data visualization;rainbow color map;Color;Conference proceedings;Data visualization;Encoding;Gray-scale;Hazards;Isosurfaces;Magnetic resonance imaging;Tensile stress;Transfer functions;color map;rainbow color map;visualization toolkits}, 
doi={10.1109/MCG.2007.323435}, 
ISSN={0272-1716}, 
month={March}
}